@article{watkins1992qlearning,
  title={Q-learning},
  author={Watkins, Christopher J.C.H. and Dayan, Peter},
  journal={Machine Learning},
  volume={8},
  pages={279--292},
  year={1992},
  publisher={Kluwer Academic Publishers}
}
@inproceedings{schaul2016prioritized,
  title={Prioritized Experience Replay},
  author={Schaul, Tom and Quan, John and Antonoglou, Ioannis and Silver, David},
  booktitle={International Conference on Learning Representations (ICLR)},
  year={2016}
}
@article{tokic2011adaptive,
  title={Adaptive epsilon-greedy Exploration in Reinforcement Learning Based on Value Differences},
  author={Tokic, Michel},
  journal={Machine Learning},
  year={2011}
}
@article{xu2024learning,
  title={Learning Time Reduction Using Warm Start Methods for a Reinforcement Learning Based Supervisory Control in Hybrid Electric Vehicle Applications},
  author={Xu, Bin and Hou, Jun and Shi, Junzhe and Li, Huayi and Rathod, Dhruvang and Wang, Zhe and Filipi, Zoran},
  journal={IEEE Transactions on Transportation Electrification},
  year={2024}
}

@article{hasselt2010double,
  title={Double Q-learning},
  author={van Hasselt, Hado},
  journal={Advances in Neural Information Processing Systems},
  volume={23},
  pages={2613--2621},
  year={2010},
  publisher={MIT Press},
  note={Centrum Wiskunde \& Informatica}
}

@misc{bicycle_blackjack,
  title={Blackjack},
  author={{Bicycle Cards}},
  year={n.d.},
  howpublished={\url{https://bicyclecards.com/how-to-play/blackjack}},
  note={Accessed: November 17, 2024}
}

@misc{scikit_parametergrid,
  title={ParameterGrid},
  author={{Scikit-learn developers}},
  year={n.d.},
  howpublished={\url{https://scikit-learn.org/stable/modules/generated/sklearn.model\_selection.ParameterGrid.html}},
  note={Accessed: November 17, 2024}
}

@article{snyder2024hilo,
  title={The Hi-Lo Lite - gambling with an edge},
  author={Snyder, Arnold},
  year={2024},
  month={January},
  journal={Gambling With an Edge},
  publisher={Las Vegas Advisor},
  url={https://www.lasvegasadvisor.com/gambling-with-an-edge/the-hi-lo-lite/},
  note={Published: January 25, 2024}
}